@online{statcounter,
	author = {Stat Counter Global Stat},
	title = {Mobile Operating System Market Share Worldwide},
	year = 2018,
	url = {http://gs.statcounter.com/os-market-share/mobile/worldwide},
	urldate = {2018-05-01}
}

@online{developer:platform,
	author = {Google},
	title = {Platform Architecture | Android Developers},
	year = 2018,
	url = {http://gs.statcounter.com/os-market-share/mobile/worldwide},
	urldate = {2018-04-25}
}

@online{wiki:c99,
	author = {Wikipedia},
	title = {C99 - Wikipedia},
	year = 2018,
	url = {https://en.wikipedia.org/wiki/C99},
	urldate = {2018-05-02}
}

@online{wiki:cfq,
	author = {Wikipedia},
	title = {CFQ - Wikipedia},
	year = 2017,
	url = {https://en.wikipedia.org/wiki/CFQ},
	urldate = {2017-12-28}
}

@online{apache,
	author = {Xi Qian and Guangyu Zhu and Xiao-Feng Li},
	title = {Comparison and Analysis of the Three Programming Models in Google Android},
	year = 2012,
	url = {https://people.apache.org/~xli/papers/applc2012-android-programming-models.pdf},
	urldate = {2012-06-28}
}
@phdthesis{martin,
	title    = {CONDITIONAL RESOURCE MANAGEMENT FOR MOBILE DEVICES},
	school   = {Universidade Tecnológica Federal do Paraná},
	author   = {Margin Pérez},
	year     = {2014},
	type     = {{PhD} dissertation},
}
@Book{knuth:84,
	author = 	 {Donald E. Knuth},
	title = 	 {The {\TeX} Book},
	publisher = 	 {Addison-Wesley},
	year = 	 {1984},
	edition = 	 {15th}
}

@InCollection{boulic:91,
	author = 	 {R. Boulic and O. Renault},
	title = 	 {3D Hierarchies for Animation},
	booktitle = 	 {New Trends in Animation and Visualization},
	publisher =    {John Wiley {\&} Sons ltd.},
	year = 	 {1991},
	editor = 	 {Nadia Magnenat-Thalmann and Daniel Thalmann}
}

@InCollection{smith:99,
	author = 	 {A. Smith and B. Jones},
	title = 	 {On the Complexity of Computing},
	booktitle = 	 {Advances in Computer Science},
	pages = 	 {555--566},
	publisher =    {Publishing Press},
	year = 	 {1999},
	editor = 	 {A. B. Smith-Jones}
}
